<collection xmlns="http://www.loc.gov/MARC21/slim">
<record>
  <leader>00877nam0a22002291i 450 </leader>
  <controlfield tag="001">IT\ICCU\CNCE\078392</controlfield>
  <controlfield tag="005">20140205000000.0</controlfield>
  <datafield tag="012" ind1=" " ind2=" ">
    <subfield code="a">paas m-n- p-e- &amp;lAr (C) 1523 (Q)</subfield>
    <subfield code="2">fei</subfield>
  </datafield>
  <datafield tag="100" ind1=" " ind2=" ">
    <subfield code="a">20140205f1523        0itac0103    ba</subfield>
  </datafield>
  <datafield tag="101" ind1=" " ind2=" ">
    <subfield code="a">LAT</subfield>
  </datafield>
  <datafield tag="102" ind1=" " ind2=" ">
    <subfield code="a">IT</subfield>
  </datafield>
  <datafield tag="200" ind1="1" ind2=" ">
    <subfield code="a">Bulla Clementis VII priuilegiorum concessorum sacro, &amp; deuotissimo hospitali incurabilium ...</subfield>
  </datafield>
  <datafield tag="210" ind1=" " ind2=" ">
    <subfield code="d">\1523?!</subfield>
  </datafield>
  <datafield tag="215" ind1=" " ind2=" ">
    <subfield code="a">\24! c.</subfield>
    <subfield code="d">8ʻ</subfield>
  </datafield>
  <datafield tag="300" ind1=" " ind2=" ">
    <subfield code="a">Stampata probabilmente a Roma. La data si ricava dal Datum</subfield>
  </datafield>
  <datafield tag="620" ind1=" " ind2=" ">
    <subfield code="a">IT</subfield>
    <subfield code="d">Roma</subfield>
  </datafield>
  <datafield tag="700" ind1=" " ind2="0">
    <subfield code="a">Clemens</subfield>
    <subfield code="c"> &lt;papa</subfield>
    <subfield code="c"> ; 7.&gt;</subfield>
    <subfield code="3">IT\ICCU\CNCA\003274</subfield>
  </datafield>
  <datafield tag="712" ind1="0" ind2="2">
    <subfield code="a">s.n.</subfield>
    <subfield code="3">IT\ICCU\CNCT\000002</subfield>
    <subfield code="4">650</subfield>
  </datafield>
  <datafield tag="790" ind1=" " ind2="1">
    <subfield code="a">Medici,</subfield>
    <subfield code="b">Giulio : de&apos;</subfield>
    <subfield code="3">IT\ICCU\CNCA\014649</subfield>
    <subfield code="z">Clemens &lt;papa ; 7.&gt;</subfield>
  </datafield>
  <datafield tag="790" ind1=" " ind2="0">
    <subfield code="a">Clemente</subfield>
    <subfield code="c"> &lt;papa</subfield>
    <subfield code="c"> ; 7.&gt;</subfield>
    <subfield code="3">IT\ICCU\CNCA\023280</subfield>
    <subfield code="z">Clemens &lt;papa ; 7.&gt;</subfield>
  </datafield>
  <datafield tag="801" ind1=" " ind2="3">
    <subfield code="a">IT</subfield>
    <subfield code="b">ICCU</subfield>
    <subfield code="c">20201115</subfield>
  </datafield>
  <datafield tag="899" ind1=" " ind2=" ">
    <subfield code="a">Biblioteca comunale Ruggiero Bonghi. Lucera</subfield>
    <subfield code="1">FG0054</subfield>
    <subfield code="2">FOG 04</subfield>
  </datafield>
</record>
</collection>
